@article{sen05-cute,
    author = {Sen, Koushik and Marinov, Darko and Agha, Gul},
    number = {5},
    publisher = {ACM},
    title = {{CUTE: a concolic unit testing engine for C}},
    volume = {30},
    year = {2005}
},

@article{bogart15-break,
    title={When it breaks, it breaks: How ecosystem developers reason about the stability of dependencies},
    author={Bogart, Christopher and K{\"a}stner, Christian and Herbsleb, James},
    year={2015}
},

@misc{rfc2119,
    title = {RFC 2119: Key words for use in RFCs to Indicate Requirement Levels},
    author = {Bradner, S}, 
    publisher = {Network Working Group},
    howpublished = {\url{https://tools.ietf.org/html/rfc2119}},
}

@misc{semver,
    title = {Semantic Versioning 2.0.0},
    author = {Preston-Werner, Tom}, 
    publisher = {Network Working Group},
    howpublished = {\url{http://semver.org/spec/v2.0.0.html}},
}

@inproceedings{Stoerzer,
 author = {Stoerzer, Maximilian and Ryder, Barbara G. and Ren, Xiaoxia and Tip, Frank},
 title = {Finding Failure-inducing Changes in Java Programs Using Change Classification},
 booktitle = {Proceedings of the 14th ACM SIGSOFT International Symposium on Foundations of Software Engineering},
 series = {SIGSOFT '06/FSE-14},
 year = {2006},
 isbn = {1-59593-468-5},
 location = {Portland, Oregon, USA},
 pages = {57--68},
 numpages = {12},
 url = {http://doi.acm.org/10.1145/1181775.1181783},
 doi = {10.1145/1181775.1181783},
 acmid = {1181783},
 publisher = {ACM},
 address = {New York, NY, USA},
 keywords = {change impact analysis, debugging, fault localization, testing, version control},
} 
